02RETORNO01COBRANCA       719000487590        CURSO ADONAI LTDA             341BANCO ITAU S.A.25071901600BPI00003260719                                                                                                                                                                                                                                                                                   000001
10210851328000175719000487590                                 00245414            109002454141             I02250719000025-08 00245414            05081900000000340003414848804000000000000000000000000000000000000000000000000000000000000000000000000000000000000000000000000000000110000000000000         00000000000000000000000ALLAN AYLON R. FIRMINO                                                000002
10210851328000175719000487590                                 00245415            109002454158             I02250719005226-08 00245415            05081900000000340003416849404000000000000000000000000000000000000000000000000000000000000000000000000000000000000000000000000000000110000000000000         00000000000000000000000ANDERSON PAULO DA SILVA                                               000003
10210851328000175719000487590                                 00245416            109002454166             I02250719004266-08 00245416            05081900000000340003412897704000000000000000000000000000000000000000000000000000000000000000000000000000000000000000000000000000000110000000000000         00000000000000000000000BRUNO PAES DE SOUSA                                                   000004
10210851328000175719000487590                                 00245417            109002454174             I02250719005229-08 00245417            05081900000000340003412897704000000000000000000000000000000000000000000000000000000000000000000000000000000000000000000000000000000110000000000000         00000000000000000000000CAROLINA RABELO S. COSTA                                              000005
10210851328000175719000487590                                 00245418            109002454182             I02250719005230-08 00245418            10081900000000340003414561704000000000000000000000000000000000000000000000000000000000000000000000000000000000000000000000000000000110000000000000         00000000000000000000000CRISTIANE NEVES DE OLIVEIRA                                           000006
10210851328000175719000487590                                 00245419            109002454190             I02250719003806-08 00245419            10081900000000340003411009004000000000000000000000000000000000000000000000000000000000000000000000000000000000000000000000000000000110000000000000         00000000000000000000000DIEGO DE CASTRO VALENTIM                                              000007
10210851328000175719000487590                                 00245420            109002454208             I02250719005231-08 00245420            05081900000000340003417795804000000000000000000000000000000000000000000000000000000000000000000000000000000000000000000000000000000110000000000000         00000000000000000000000DOMINIQUE RODRIGUES SILVA                                             000008
10210851328000175719000487590                                 00245421            109002454216             I02250719005323-08 00245421            18081900000000380003410229504000000000000000000000000000000000000000000000000000000000000000000000000000000000000000000000000000000130000000000000         00000000000000000000000ESTER OLIVEIRA S. SOUSA                                               000009
10210851328000175719000487590                                 00245422            109002454224             I02250719005232-08 00245422            30081900000000340003412897704000000000000000000000000000000000000000000000000000000000000000000000000000000000000000000000000000000110000000000000         00000000000000000000000GABRIELLE MELO DE MATOS                                               000010
10210851328000175719000487590                                 00245423            109002454232             I02250719005234-08 00245423            10081900000000340003410201404000000000000000000000000000000000000000000000000000000000000000000000000000000000000000000000000000000110000000000000         00000000000000000000000JENNIFER PEREIRA DA SILVA                                             000011
10210851328000175719000487590                                 00245424            109002454240             I02250719005328-08 00245424            05081900000000380003410229504000000000000000000000000000000000000000000000000000000000000000000000000000000000000000000000000000000130000000000000         00000000000000000000000JOAO MARCOS S. SOARES                                                 000012
10210851328000175719000487590                                 00245425            109002454257             I02250719003588-08 00245425            05081900000000340003412897704000000000000000000000000000000000000000000000000000000000000000000000000000000000000000000000000000000110000000000000         00000000000000000000000JONATAS DE LUNA COSTA                                                 000013
10210851328000175719000487590                                 00245426            109002454265             I02250719005320-08 00245426            05081900000000380003410222004000000000000000000000000000000000000000000000000000000000000000000000000000000000000000000000000000000130000000000000         00000000000000000000000JONATHAN MACHADO P. PEREIRA                                           000014
10210851328000175719000487590                                 00245427            109002454273             I02250719005236-08 00245427            05081900000000340003412897704000000000000000000000000000000000000000000000000000000000000000000000000000000000000000000000000000000110000000000000         00000000000000000000000JULIA DO NASCIMENTO L. MOURA                                          000015
10210851328000175719000487590                                 00245428            109002454281             I02250719004279-08 00245428            05081900000000320003412897704000000000000000000000000000000000000000000000000000000000000000000000000000000000000000000000000000000110000000000000         00000000000000000000000LARISSA RODRIGUES AMARAL                                              000016
10210851328000175719000487590                                 00245429            109002454299             I02250719005237-08 00245429            05081900000000340003412897704000000000000000000000000000000000000000000000000000000000000000000000000000000000000000000000000000000110000000000000         00000000000000000000000LUANA MARTINS S. MELO                                                 000017
10210851328000175719000487590                                 00245430            109002454307             I02250719005238-08 00245430            05081900000000340003412897704000000000000000000000000000000000000000000000000000000000000000000000000000000000000000000000000000000110000000000000         00000000000000000000000LUCAS ALVES MARTINS                                                   000018
10210851328000175719000487590                                 00245432            109002454323             I02250719005334-08 00245432            05081900000000330003412897704000000000000000000000000000000000000000000000000000000000000000000000000000000000000000000000000000000110000000000000         00000000000000000000000MARCO AURELIO S. RENDY                                                000019
10210851328000175719000487590                                 00245433            109002454331             I02250719005286-08 00245433            05081900000000370003417297504000000000000000000000000000000000000000000000000000000000000000000000000000000000000000000000000000000120000000000000         00000000000000000000000MATEUS DA SILVA LIMA                                                  000020
10210851328000175719000487590                                 00245434            109002454349             I02250719005240-08 00245434            10081900000000340003412897704000000000000000000000000000000000000000000000000000000000000000000000000000000000000000000000000000000110000000000000         00000000000000000000000MAURO LUCAS N. LIMA                                                   000021
10210851328000175719000487590                                 00245435            109002454356             I02250719005319-08 00245435            05081900000000380003410229504000000000000000000000000000000000000000000000000000000000000000000000000000000000000000000000000000000130000000000000         00000000000000000000000MOISES AUGUSTO P. GRACAS                                              000022
10210851328000175719000487590                                 00245436            109002454364             I02250719005326-08 00245436            05081900000000380003411282304000000000000000000000000000000000000000000000000000000000000000000000000000000000000000000000000000000130000000000000         00000000000000000000000NICOLA D'ANELLO LOPES                                                 000023
10210851328000175719000487590                                 00245437            109002454372             I02250719005242-08 00245437            05081900000000340003412897704000000000000000000000000000000000000000000000000000000000000000000000000000000000000000000000000000000110000000000000         00000000000000000000000RAQUEL GUIMARAES DE OLIVEIRA                                          000024
10210851328000175719000487590                                 00245438            109002454380             I02250719005099-08 00245438            15081900000000370003411282304000000000000000000000000000000000000000000000000000000000000000000000000000000000000000000000000000000120000000000000         00000000000000000000000RAYANNE CHENQUE S. ERMIDA                                             000025
10210851328000175719000487590                                 00245439            109002454398             I02250719004790-08 00245439            05081900000000370003411306004000000000000000000000000000000000000000000000000000000000000000000000000000000000000000000000000000000120000000000000         00000000000000000000000RAYZA BARBOSA M. SOUZA                                                000026
10210851328000175719000487590                                 00245440            109002454406             I02250719005243-08 00245440            05081900000000340003412897704000000000000000000000000000000000000000000000000000000000000000000000000000000000000000000000000000000110000000000000         00000000000000000000000SARAH FERREIRA                                                        000027
10210851328000175719000487590                                 00245441            109002454414             I02250719004732-08 00245441            10081900000000340003411306004000000000000000000000000000000000000000000000000000000000000000000000000000000000000000000000000000000110000000000000         00000000000000000000000THATYANE FERREIRA DA SILVA                                            000028
10210851328000175719000487590                                 00245442            109002454422             I02250719005275-08 00245442            05081900000000340003411306004000000000000000000000000000000000000000000000000000000000000000000000000000000000000000000000000000000110000000000000         00000000000000000000000TOBIAS DA COSTA SANTOS                                                000029
10210851328000175719000487590                                 00245443            109002454430             I02250719005325-08 00245443            05081900000000380003412897704000000000000000000000000000000000000000000000000000000000000000000000000000000000000000000000000000000130000000000000         00000000000000000000000VINICIUS SILVA DE ARAUJO                                              000030
10210851328000175719000487590                                 00245444            109002454448             I02250719005284-08 00245444            05081900000000340003411009004000000000000000000000000000000000000000000000000000000000000000000000000000000000000000000000000000000110000000000000         00000000000000000000000WALLACE GOMES C. PRISCO                                               000031
10210851328000175719000487590                                 00245445            109002454455             I02250719003183-11 00245445            05081900000000300003414852004000000000000000000000000000000000000000000000000000000000000000000000000000000000000000000000000000000100000000000000         00000000000000000000000ALAIR JOSE DA SILVA JR.                                               000032
10210851328000175719000487590                                 00245446            109002454463             I02250719005077-11 00245446            10081900000000370003410941504000000000000000000000000000000000000000000000000000000000000000000000000000000000000000000000000000000120000000000000         00000000000000000000000ALAN ALMEIDA DOS SANTOS                                               000033
10210851328000175719000487590                                 00245447            109002454471             I02250719005078-11 00245447            05081900000000370003410201404000000000000000000000000000000000000000000000000000000000000000000000000000000000000000000000000000000120000000000000         00000000000000000000000AMANDA GULINELLI V. SILVA                                             000034
10210851328000175719000487590                                 00245448            109002454489             I02250719005080-11 00245448            05081900000000370003412897704000000000000000000000000000000000000000000000000000000000000000000000000000000000000000000000000000000120000000000000         00000000000000000000000ANDRESSA SIGOLO DA SILVA                                              000035
10210851328000175719000487590                                 00245449            109002454497             I02250719005081-11 00245449            05081900000000370003412897704000000000000000000000000000000000000000000000000000000000000000000000000000000000000000000000000000000120000000000000         00000000000000000000000ANNE KAROLLYNE V. VEREZA                                              000036
10210851328000175719000487590                                 00245450            109002454505             I02250719005083-11 00245450            05081900000000370003412897704000000000000000000000000000000000000000000000000000000000000000000000000000000000000000000000000000000120000000000000         00000000000000000000000BRUNA COSTA CAMELO                                                    000037
10210851328000175719000487590                                 00245451            109002454513             I02250719004800-11 00245451            15081900000000370003412897704000000000000000000000000000000000000000000000000000000000000000000000000000000000000000000000000000000120000000000000         00000000000000000000000DANIELLE GONCALVES BARBOSA                                            000038
10210851328000175719000487590                                 00245452            109002454521             I02250719003224-11 00245452            05081900000000370003412897704000000000000000000000000000000000000000000000000000000000000000000000000000000000000000000000000000000120000000000000         00000000000000000000000ELTHON GLENN M. AQUINO                                                000039
10210851328000175719000487590                                 00245453            109002454539             I02250719005086-11 00245453            10081900000000370003410201404000000000000000000000000000000000000000000000000000000000000000000000000000000000000000000000000000000120000000000000         00000000000000000000000EVELLYN RIBEIRO DE MEDEIROS                                           000040
10210851328000175719000487590                                 00245454            109002454547             I02250719005087-11 00245454            05081900000000370003410201404000000000000000000000000000000000000000000000000000000000000000000000000000000000000000000000000000000120000000000000         00000000000000000000000FERNANDA MORAES B. OLIVEIRA                                           000041
10210851328000175719000487590                                 00245455            109002454554             I02250719005088-11 00245455            05081900000000370003412897704000000000000000000000000000000000000000000000000000000000000000000000000000000000000000000000000000000120000000000000         00000000000000000000000GABRIELA PEREIRA S. CATARINO                                          000042
10210851328000175719000487590                                 00245456            109002454562             I02250719005089-11 00245456            05081900000000444003414562504000000000000000000000000000000000000000000000000000000000000000000000000000000000000000000000000000000150000000000000         00000000000000000000000GABRIELLE MORANDI PESSOA                                              000043
10210851328000175719000487590                                 00245457            109002454570             I02250719004704-11 00245457            05081900000000320003412897704000000000000000000000000000000000000000000000000000000000000000000000000000000000000000000000000000000110000000000000         00000000000000000000000GISELE LUARA M. SILVA                                                 000044
10210851328000175719000487590                                 00245458            109002454588             I02250719005090-11 00245458            05081900000000370003410201404000000000000000000000000000000000000000000000000000000000000000000000000000000000000000000000000000000120000000000000         00000000000000000000000GLAUBER ROQUE MOURA                                                   000045
10210851328000175719000487590                                 00245459            109002454596             I02250719004117-11 00245459            10081900000000370003412897704000000000000000000000000000000000000000000000000000000000000000000000000000000000000000000000000000000120000000000000         00000000000000000000000HARNNON RODRIGUES N. RIBEIRO                                          000046
10210851328000175719000487590                                 00245460            109002454604             I02250719005091-11 00245460            05081900000000370003412897704000000000000000000000000000000000000000000000000000000000000000000000000000000000000000000000000000000120000000000000         00000000000000000000000IZABELLY GUEDES DA SILVA                                              000047
10210851328000175719000487590                                 00245461            109002454612             I02250719005093-11 00245461            05081900000000370003411306004000000000000000000000000000000000000000000000000000000000000000000000000000000000000000000000000000000120000000000000         00000000000000000000000JOSE CARLOS DOS SANTOS JR.                                            000048
10210851328000175719000487590                                 00245462            109002454620             I02250719004930-11 00245462            05081900000000150003412897704000000000000000000000000000000000000000000000000000000000000000000000000000000000000000000000000000000050000000000000         00000000000000000000000JULIANA DE BRITO P. SOUZA                                             000049
10210851328000175719000487590                                 00245463            109002454638             I02250719005053-11 00245463            10081900000000370003414562504000000000000000000000000000000000000000000000000000000000000000000000000000000000000000000000000000000120000000000000         00000000000000000000000MICHEL DE JESUS OLIVEIRA                                              000050
10210851328000175719000487590                                 00245464            109002454646             I02250719005054-11 00245464            05081900000000370003412897704000000000000000000000000000000000000000000000000000000000000000000000000000000000000000000000000000000120000000000000         00000000000000000000000MOZART VICTOR M. SOARES                                               000051
10210851328000175719000487590                                 00245465            109002454653             I02250719004254-11 00245465            05081900000000370003410059604000000000000000000000000000000000000000000000000000000000000000000000000000000000000000000000000000000120000000000000         00000000000000000000000NOELLE SATIRO DE ARAUJO                                               000052
10210851328000175719000487590                                 00245466            109002454661             I02250719004723-11 00245466            05081900000000370003412897704000000000000000000000000000000000000000000000000000000000000000000000000000000000000000000000000000000120000000000000         00000000000000000000000PATRICIA LAMBARINE M. SALES                                           000053
10210851328000175719000487590                                 00245467            109002454679             I02250719005098-11 00245467            05081900000000370003410059604000000000000000000000000000000000000000000000000000000000000000000000000000000000000000000000000000000120000000000000         00000000000000000000000RAQUEL DE ABREU SOUZA                                                 000054
10210851328000175719000487590                                 00245468            109002454687             I02250719005100-11 00245468            10081900000000370003410229504000000000000000000000000000000000000000000000000000000000000000000000000000000000000000000000000000000120000000000000         00000000000000000000000SABRINA DYONISIO F. RABELLO                                           000055
10210851328000175719000487590                                 00245469            109002454695             I02250719005101-11 00245469            05081900000000370003414562504000000000000000000000000000000000000000000000000000000000000000000000000000000000000000000000000000000120000000000000         00000000000000000000000SUELLEN MOREIRA DE OLIVEIRA                                           000056
10210851328000175719000487590                                 00245470            109002454703             I02250719003214-11 00245470            05081900000000340003410229504000000000000000000000000000000000000000000000000000000000000000000000000000000000000000000000000000000110000000000000         00000000000000000000000THAINA DA COSTA M. ABREU                                              000057
10210851328000175719000487590                                 00245471            109002454711             I02250719005102-11 00245471            05081900000000370003412897704000000000000000000000000000000000000000000000000000000000000000000000000000000000000000000000000000000120000000000000         00000000000000000000000THAMARA LISBOA A. B. SILVA                                            000058
10210851328000175719000487590                                 00245472            109002454729             I02250719002869-11 00245472            05081900000000370003411009004000000000000000000000000000000000000000000000000000000000000000000000000000000000000000000000000000000120000000000000         00000000000000000000000THAMIRES MACHADO S.B. SOUZA                                           000059
10210851328000175719000487590                                 00245473            109002454737             I02250719004765-11 00245473            05081900000000300003410059604000000000000000000000000000000000000000000000000000000000000000000000000000000000000000000000000000000100000000000000         00000000000000000000000VIVIANE CAVASSA PEREIRA                                               000060
10210851328000175719000487590                                 00245474            109002454745             I02250719005104-11 00245474            05081900000000370003412897704000000000000000000000000000000000000000000000000000000000000000000000000000000000000000000000000000000120000000000000         00000000000000000000000YAN FIGUEIREDO CRESPO                                                 000061
10210851328000175719000487590                                 00245475            109002454752             I02250719005126-11 00245475            05081900000000370003411282304000000000000000000000000000000000000000000000000000000000000000000000000000000000000000000000000000000120000000000000         00000000000000000000000ALINE CRISTINA V. C. SILVA                                            000062
10210851328000175719000487590                                 00245476            109002454760             I02250719005127-11 00245476            10081900000000370003412897704000000000000000000000000000000000000000000000000000000000000000000000000000000000000000000000000000000120000000000000         00000000000000000000000AMANDA SANTOS E SOUZA                                                 000063
10210851328000175719000487590                                 00245477            109002454778             I02250719002494-11 00245477            05081900000000370003412897704000000000000000000000000000000000000000000000000000000000000000000000000000000000000000000000000000000120000000000000         00000000000000000000000BARBARA DE ALCANTARA REY                                              000064
10210851328000175719000487590                                 00245478            109002454786             I02250719005084-11 00245478            05081900000000200003412897704000000000000000000000000000000000000000000000000000000000000000000000000000000000000000000000000000000070000000000000         00000000000000000000000BRUNA FERREIRA BINOTO                                                 000065
10210851328000175719000487590                                 00245479            109002454794             I02250719004296-11 00245479            05081900000000320003412897704000000000000000000000000000000000000000000000000000000000000000000000000000000000000000000000000000000110000000000000         00000000000000000000000EDELSO NEPOMUCENO DE OLIVEIRA                                         000066
10210851328000175719000487590                                 00245480            109002454802             I02250719005129-11 00245480            05081900000000370003411306004000000000000000000000000000000000000000000000000000000000000000000000000000000000000000000000000000000120000000000000         00000000000000000000000EDUARDO CESAR ALVES JR.                                               000067
10210851328000175719000487590                                 00245481            109002454810             I02250719005085-11 00245481            05081900000000370003414848804000000000000000000000000000000000000000000000000000000000000000000000000000000000000000000000000000000120000000000000         00000000000000000000000ELZENIR BERALDE DE OLIVEIRA                                           000068
10210851328000175719000487590                                 00245482            109002454828             I02250719005130-11 00245482            05081900000000370003411306004000000000000000000000000000000000000000000000000000000000000000000000000000000000000000000000000000000120000000000000         00000000000000000000000EVERTON INACIO DA SILVA JR.                                           000069
10210851328000175719000487590                                 00245483            109002454836             I02250719003810-11 00245483            05081900000000370003412897704000000000000000000000000000000000000000000000000000000000000000000000000000000000000000000000000000000120000000000000         00000000000000000000000ISIS SANTANA DOS SANTOS                                               000070
10210851328000175719000487590                                 00245484            109002454844             I02250719005133-11 00245484            05081900000000370003410229504000000000000000000000000000000000000000000000000000000000000000000000000000000000000000000000000000000120000000000000         00000000000000000000000JANAINA BEATRIZ B. NOGUEIRA                                           000071
10210851328000175719000487590                                 00245485            109002454851             I02250719004779-11 00245485            20081900000000370003414848804000000000000000000000000000000000000000000000000000000000000000000000000000000000000000000000000000000120000000000000         00000000000000000000000JENNIFER MAXINE S. SILVEIRA                                           000072
10210851328000175719000487590                                 00245486            109002454869             I02250719005094-11 00245486            05081900000000370003412897704000000000000000000000000000000000000000000000000000000000000000000000000000000000000000000000000000000120000000000000         00000000000000000000000KAMILLA YRLA L. S. GOES                                               000073
10210851328000175719000487590                                 00245487            109002454877             I02250719005135-11 00245487            05081900000000340003410201404000000000000000000000000000000000000000000000000000000000000000000000000000000000000000000000000000000110000000000000         00000000000000000000000LARISSA JENIFFER S. SILVA                                             000074
10210851328000175719000487590                                 00245488            109002454885             I02250719005138-11 00245488            15081900000000370003411282304000000000000000000000000000000000000000000000000000000000000000000000000000000000000000000000000000000120000000000000         00000000000000000000000LARISSA MARTINS MOREIRA                                               000075
10210851328000175719000487590                                 00245489            109002454893             I02250719005136-11 00245489            10081900000000370003410229504000000000000000000000000000000000000000000000000000000000000000000000000000000000000000000000000000000120000000000000         00000000000000000000000LOHRAINE CAROLINE R. SOUZA                                            000076
10210851328000175719000487590                                 00245490            109002454901             I02250719004786-11 00245490            05081900000000370003410059604000000000000000000000000000000000000000000000000000000000000000000000000000000000000000000000000000000120000000000000         00000000000000000000000LUCAS DE ALMEIDA POEYS                                                000077
10210851328000175719000487590                                 00245491            109002454919             I02250719005137-11 00245491            05081900000000370003412897704000000000000000000000000000000000000000000000000000000000000000000000000000000000000000000000000000000120000000000000         00000000000000000000000LUIZ FERNANDO A. SILVA                                                000078
10210851328000175719000487590                                 00245492            109002454927             I02250719005139-11 00245492            05081900000000370003412897704000000000000000000000000000000000000000000000000000000000000000000000000000000000000000000000000000000120000000000000         00000000000000000000000MANOELA DE SOUZA CRUZ                                                 000079
10210851328000175719000487590                                 00245493            109002454935             I02250719005151-11 00245493            05081900000000370003412897704000000000000000000000000000000000000000000000000000000000000000000000000000000000000000000000000000000120000000000000         00000000000000000000000MAYARA LAURENTINO DE VASCONCEL                                        000080
10210851328000175719000487590                                 00245494            109002454943             I02250719003982-11 00245494            05081900000000370003412897704000000000000000000000000000000000000000000000000000000000000000000000000000000000000000000000000000000120000000000000         00000000000000000000000PHELIPE ALVES BELMONT                                                 000081
10210851328000175719000487590                                 00245495            109002454950             I02250719005149-11 00245495            05081900000000370003411282304000000000000000000000000000000000000000000000000000000000000000000000000000000000000000000000000000000120000000000000         00000000000000000000000QUEZIA SENA DA SILVA                                                  000082
10210851328000175719000487590                                 00245496            109002454968             I02250719004258-11 00245496            10081900000000370003412897704000000000000000000000000000000000000000000000000000000000000000000000000000000000000000000000000000000120000000000000         00000000000000000000000RENAN MOREIRA M. OLIVEIRA                                             000083
10210851328000175719000487590                                 00245497            109002454976             I02250719005140-11 00245497            10081900000000370003410945604000000000000000000000000000000000000000000000000000000000000000000000000000000000000000000000000000000120000000000000         00000000000000000000000RHUAN FERREIRA SANT'ANA                                               000084
10210851328000175719000487590                                 00245498            109002454984             I02250719004288-11 00245498            05081900000000350003412897704000000000000000000000000000000000000000000000000000000000000000000000000000000000000000000000000000000120000000000000         00000000000000000000000SILVANA HELENA P. OLIVEIRA                                            000085
10210851328000175719000487590                                 00245499            109002454992             I02250719005141-11 00245499            05081900000000370003411282304000000000000000000000000000000000000000000000000000000000000000000000000000000000000000000000000000000120000000000000         00000000000000000000000THACIANY PIMENTEL PEREIRA                                             000086
10210851328000175719000487590                                 00245500            109002455007             I02250719005142-11 00245500            05081900000000370003412897704000000000000000000000000000000000000000000000000000000000000000000000000000000000000000000000000000000120000000000000         00000000000000000000000THAINA LINS                                                           000087
10210851328000175719000487590                                 00245501            109002455015             I02250719005143-11 00245501            05081900000000340003410201404000000000000000000000000000000000000000000000000000000000000000000000000000000000000000000000000000000110000000000000         00000000000000000000000VICTOR HUGO R. SILVA                                                  000088
10210851328000175719000487590                                 00245502            109002455023             I02250719005224-08 00245502            05081900000000340003412897704000000000000000000000000000000000000000000000000000000000000000000000000000000000000000000000000000000110000000000000         00000000000000000000000AMANDA DANTAS CERQUEIRA                                               000089
10210851328000175719000487590                                 00245503            109002455031             I02250719005246-08 00245503            05081900000000380003416101004000000000000000000000000000000000000000000000000000000000000000000000000000000000000000000000000000000130000000000000         00000000000000000000000BARBARA DA SILVA CARDOSO                                              000090
10210851328000175719000487590                                 00245504            109002455049             I02250719005285-08 00245504            05081900000000380003412897704000000000000000000000000000000000000000000000000000000000000000000000000000000000000000000000000000000130000000000000         00000000000000000000000BIANCA DA SILVA MAMEDE                                                000091
10210851328000175719000487590                                 00245505            109002455056             I02250719005227-08 00245505            05081900000000340003414556704000000000000000000000000000000000000000000000000000000000000000000000000000000000000000000000000000000110000000000000         00000000000000000000000BIANCA DA SILVA SANTOS                                                000092
10210851328000175719000487590                                 00245506            109002455064             I02250719005247-08 00245506            05081900000000380003411282304000000000000000000000000000000000000000000000000000000000000000000000000000000000000000000000000000000130000000000000         00000000000000000000000BRENDA PEREIRA DOS SANTOS                                             000093
10210851328000175719000487590                                 00245507            109002455072             I02250719005248-08 00245507            05081900000000380003412897704000000000000000000000000000000000000000000000000000000000000000000000000000000000000000000000000000000130000000000000         00000000000000000000000CAROLINA GONCALVES TEIXEIRA                                           000094
10210851328000175719000487590                                 00245508            109002455080             I02250719005250-08 00245508            05081900000000380003412897704000000000000000000000000000000000000000000000000000000000000000000000000000000000000000000000000000000130000000000000         00000000000000000000000CASSIANE ROSA DE MELO                                                 000095
10210851328000175719000487590                                 00245509            109002455098             I02250719005252-08 00245509            05081900000000380003410229504000000000000000000000000000000000000000000000000000000000000000000000000000000000000000000000000000000130000000000000         00000000000000000000000DOUGLAS DETRANO B. PEREIRA                                            000096
10210851328000175719000487590                                 00245510            109002455106             I02250719002469-08 00245510            05081900000000380003411282304000000000000000000000000000000000000000000000000000000000000000000000000000000000000000000000000000000130000000000000         00000000000000000000000ERIKA FERREIRA D. SILVA                                               000097
10210851328000175719000487590                                 00245511            109002455114             I02250719005253-08 00245511            05081900000000380003412897704000000000000000000000000000000000000000000000000000000000000000000000000000000000000000000000000000000130000000000000         00000000000000000000000GENA CARLA C. C. MESQUITA                                             000098
10210851328000175719000487590                                 00245512            109002455122             I02250719004777-08 00245512            05081900000000380003412897704000000000000000000000000000000000000000000000000000000000000000000000000000000000000000000000000000000130000000000000         00000000000000000000000HANNA KAROLINE NASCENTE                                               000099
10210851328000175719000487590                                 00245513            109002455130             I02250719005254-08 00245513            05081900000000380003416849404000000000000000000000000000000000000000000000000000000000000000000000000000000000000000000000000000000130000000000000         00000000000000000000000HELOISE ELOI DA ROSA                                                  000100
10210851328000175719000487590                                 00245514            109002455148             I02250719005277-08 00245514            05081900000000380003412897704000000000000000000000000000000000000000000000000000000000000000000000000000000000000000000000000000000130000000000000         00000000000000000000000HOSANA DE PAULA COSTA                                                 000101
10210851328000175719000487590                                 00245515            109002455155             I02250719005255-08 00245515            15081900000000380003412897704000000000000000000000000000000000000000000000000000000000000000000000000000000000000000000000000000000130000000000000         00000000000000000000000IGOR STANCATO M. ALVES                                                000102
10210851328000175719000487590                                 00245516            109002455163             I02250719005256-08 00245516            05081900000000380003412897704000000000000000000000000000000000000000000000000000000000000000000000000000000000000000000000000000000130000000000000         00000000000000000000000JONATHAN MATOS DE FARIA                                               000103
10210851328000175719000487590                                 00245517            109002455171             I02250719005278-08 00245517            05081900000000350003414562504000000000000000000000000000000000000000000000000000000000000000000000000000000000000000000000000000000120000000000000         00000000000000000000000JONATHAN SANTANA DE OLIVEIRA                                          000104
10210851328000175719000487590                                 00245518            109002455189             I02250719005302-08 00245518            05081900000000380003414567404000000000000000000000000000000000000000000000000000000000000000000000000000000000000000000000000000000130000000000000         00000000000000000000000LETYCIA FERREIRA A. O. NERES                                          000105
10210851328000175719000487590                                 00245519            109002455197             I02250719004784-11 00245519            05081900000000380003412897704000000000000000000000000000000000000000000000000000000000000000000000000000000000000000000000000000000130000000000000         00000000000000000000000LORENA SANTOS C. SOUZA                                                000106
10210851328000175719000487590                                 00245520            109002455205             I02250719005258-08 00245520            15081900000000380003410229504000000000000000000000000000000000000000000000000000000000000000000000000000000000000000000000000000000130000000000000         00000000000000000000000LUCAS PAGOTI G. ALMEIDA                                               000107
10210851328000175719000487590                                 00245521            109002455213             I02250719004717-08 00245521            05081900000000380003412897704000000000000000000000000000000000000000000000000000000000000000000000000000000000000000000000000000000130000000000000         00000000000000000000000LUCIANA LUIZA G. CARVALHO                                             000108
10210851328000175719000487590                                 00245522            109002455221             I02250719005259-08 00245522            05081900000000380003414567404000000000000000000000000000000000000000000000000000000000000000000000000000000000000000000000000000000130000000000000         00000000000000000000000LUDIMILA ALVARES C. LUNA                                              000109
10210851328000175719000487590                                 00245523            109002455239             I02250719005260-08 00245523            05081900000000380003411282304000000000000000000000000000000000000000000000000000000000000000000000000000000000000000000000000000000130000000000000         00000000000000000000000MARIANA CAPUTO C. GRUND                                               000110
10210851328000175719000487590                                 00245524            109002455247             I02250719005261-08 00245524            05081900000000380003410059604000000000000000000000000000000000000000000000000000000000000000000000000000000000000000000000000000000130000000000000         00000000000000000000000MARIANA CARNEIRO S. OLEGARIO                                          000111
10210851328000175719000487590                                 00245525            109002455254             I02250719004787-08 00245525            05081900000000380003414556704000000000000000000000000000000000000000000000000000000000000000000000000000000000000000000000000000000130000000000000         00000000000000000000000MARIANE AMARAL FREITAS                                                000112
10210851328000175719000487590                                 00245526            109002455262             I02250719005262-08 00245526            05081900000000380003411306004000000000000000000000000000000000000000000000000000000000000000000000000000000000000000000000000000000130000000000000         00000000000000000000000MARINA LORENA L. BAIA                                                 000113
10210851328000175719000487590                                 00245527            109002455270             I02250719003575-08 00245527            05081900000000380003412897704000000000000000000000000000000000000000000000000000000000000000000000000000000000000000000000000000000130000000000000         00000000000000000000000MAYARA SILVA DE OLIVEIRA                                              000114
10210851328000175719000487590                                 00245528            109002455288             I02250719005303-08 00245528            05081900000000380003411282304000000000000000000000000000000000000000000000000000000000000000000000000000000000000000000000000000000130000000000000         00000000000000000000000NATHALIA SILVA DE OLIVEIRA                                            000115
10210851328000175719000487590                                 00245529            109002455296             I02250719005263-08 00245529            05081900000000380003416101004000000000000000000000000000000000000000000000000000000000000000000000000000000000000000000000000000000130000000000000         00000000000000000000000OSEIAS CAETANO DE OLIVEIRA                                            000116
10210851328000175719000487590                                 00245530            109002455304             I02250719005264-08 00245530            15081900000000380003414567404000000000000000000000000000000000000000000000000000000000000000000000000000000000000000000000000000000130000000000000         00000000000000000000000PABLO THIAGO E. SOARES                                                000117
10210851328000175719000487590                                 00245531            109002455312             I02250719005265-08 00245531            05081900000000380003410201404000000000000000000000000000000000000000000000000000000000000000000000000000000000000000000000000000000130000000000000         00000000000000000000000PALOMA NASCIMENTO DE LEMOS                                            000118
10210851328000175719000487590                                 00245532            109002455320             I02250719004788-08 00245532            05081900000000320003412897704000000000000000000000000000000000000000000000000000000000000000000000000000000000000000000000000000000110000000000000         00000000000000000000000PAULO VICTOR O. FREITAS                                               000119
10210851328000175719000487590                                 00245533            109002455338             I02250719005287-08 00245533            05081900000000380003411306004000000000000000000000000000000000000000000000000000000000000000000000000000000000000000000000000000000130000000000000         00000000000000000000000PRISCILLA CORDEIRO BARRETO                                            000120
10210851328000175719000487590                                 00245534            109002455346             I02250719005297-08 00245534            05081900000000380003412897704000000000000000000000000000000000000000000000000000000000000000000000000000000000000000000000000000000130000000000000         00000000000000000000000RAIANA MARQUES B. MORAES                                              000121
10210851328000175719000487590                                 00245535            109002455353             I02250719005267-08 00245535            05081900000000380003412897704000000000000000000000000000000000000000000000000000000000000000000000000000000000000000000000000000000130000000000000         00000000000000000000000RAIANE SOARES PEREIRA                                                 000122
10210851328000175719000487590                                 00245536            109002455361             I02250719005268-08 00245536            05081900000000380003412897704000000000000000000000000000000000000000000000000000000000000000000000000000000000000000000000000000000130000000000000         00000000000000000000000RAPHAELA SILVA N. BARBOSA                                             000123
10210851328000175719000487590                                 00245537            109002455379             I02250719004898-08 00245537            05081900000000380003412897704000000000000000000000000000000000000000000000000000000000000000000000000000000000000000000000000000000130000000000000         00000000000000000000000REBECA SOUZA DA SILVEIRA                                              000124
10210851328000175719000487590                                 00245538            109002455387             I02250719003813-08 00245538            05081900000000340003412897704000000000000000000000000000000000000000000000000000000000000000000000000000000000000000000000000000000110000000000000         00000000000000000000000STEPHANIE CAROLINA S. AGOSTINH                                        000125
10210851328000175719000487590                                 00245539            109002455395             I02250719005244-08 00245539            15081900000000340003412897704000000000000000000000000000000000000000000000000000000000000000000000000000000000000000000000000000000110000000000000         00000000000000000000000STEPHANNY NASCIMENTO SANTOS                                           000126
10210851328000175719000487590                                 00245540            109002455403             I02250719005271-08 00245540            10081900000000380003410059604000000000000000000000000000000000000000000000000000000000000000000000000000000000000000000000000000000130000000000000         00000000000000000000000STEPHANY DOS SANTOS OLIVEIRA                                          000127
10210851328000175719000487590                                 00245541            109002455411             I02250719005304-08 00245541            05081900000000380003411306004000000000000000000000000000000000000000000000000000000000000000000000000000000000000000000000000000000130000000000000         00000000000000000000000SUELY MOTA E. ALMEIDA                                                 000128
10210851328000175719000487590                                 00245542            109002455429             I02250719005276-08 00245542            05081900000000380003412897704000000000000000000000000000000000000000000000000000000000000000000000000000000000000000000000000000000130000000000000         00000000000000000000000TAYNARA ANDREZA J. A. GOMES                                           000129
10210851328000175719000487590                                 00245543            109002455437             I02250719005272-08 00245543            05081900000000380003412897704000000000000000000000000000000000000000000000000000000000000000000000000000000000000000000000000000000130000000000000         00000000000000000000000THAMARA DUARTE DAS NEVES                                              000130
10210851328000175719000487590                                 00245544            109002455445             I02250719005273-08 00245544            05081900000000380003411306004000000000000000000000000000000000000000000000000000000000000000000000000000000000000000000000000000000130000000000000         00000000000000000000000THIAGO DE SOUZA CORREA                                                000131
10210851328000175719000487590                                 00245545            109002455452             I02250719005274-08 00245545            05081900000000380003412897704000000000000000000000000000000000000000000000000000000000000000000000000000000000000000000000000000000130000000000000         00000000000000000000000VALESSA BRITO J. S. ALBUQUERQU                                        000132
10210851328000175719000487590                                 00245546            109002455460             I02250719005223-12 00245546            05081900000000370003412897704000000000000000000000000000000000000000000000000000000000000000000000000000000000000000000000000000000120000000000000         00000000000000000000000ADRIANA SOUSA DOS SANTOS                                              000133
10210851328000175719000487590                                 00245547            109002455478             I02250719005239-12 00245547            05081900000000370003410059604000000000000000000000000000000000000000000000000000000000000000000000000000000000000000000000000000000120000000000000         00000000000000000000000ARIANA DA SILVA FREITAS                                               000134
10210851328000175719000487590                                 00245548            109002455486             I02250719005076-12 00245548            05081900000000270003412897704000000000000000000000000000000000000000000000000000000000000000000000000000000000000000000000000000000090000000000000         00000000000000000000000BIANCA GARCIA FLEMING                                                 000135
10210851328000175719000487590                                 00245549            109002455494             I02250719005316-12 00245549            15081900000000380003410201404000000000000000000000000000000000000000000000000000000000000000000000000000000000000000000000000000000130000000000000         00000000000000000000000FLAVIA GABRIEL M. C. FERREIRA                                         000136
10210851328000175719000487590                                 00245550            109002455502             I02250719005039-12 00245550            05081900000000300003411306004000000000000000000000000000000000000000000000000000000000000000000000000000000000000000000000000000000100000000000000         00000000000000000000000FRANCELLY SOARES G. SILVA                                             000137
10210851328000175719000487590                                 00245551            109002455510             I02250719004811-12 00245551            05081900000000370003412897704000000000000000000000000000000000000000000000000000000000000000000000000000000000000000000000000000000120000000000000         00000000000000000000000GABRIELLA FERNANDES B. ESQUEF                                         000138
10210851328000175719000487590                                 00245552            109002455528             I02250719005280-12 00245552            05081900000000370003412897704000000000000000000000000000000000000000000000000000000000000000000000000000000000000000000000000000000120000000000000         00000000000000000000000IZABELA MARQUES RIBEIRO                                               000139
10210851328000175719000487590                                 00245553            109002455536             I02250719005283-12 00245553            05081900000000370003412897704000000000000000000000000000000000000000000000000000000000000000000000000000000000000000000000000000000120000000000000         00000000000000000000000LAIS MARTINS                                                          000140
10210851328000175719000487590                                 00245554            109002455544             I02250719005215-12 00245554            05081900000000340003411306004000000000000000000000000000000000000000000000000000000000000000000000000000000000000000000000000000000110000000000000         00000000000000000000000MAYARA CARDOSO SILVA                                                  000141
10210851328000175719000487590                                 00245555            109002455551             I02250719004476-12 00245555            20081900000000290003410059604000000000000000000000000000000000000000000000000000000000000000000000000000000000000000000000000000000100000000000000         00000000000000000000000VICTOR MONTALVAO M. CORREA                                            000142
10210851328000175719000487590                                 00245556            109002455569             I02250719004482-07 00245556            05081900000000380003414569004000000000000000000000000000000000000000000000000000000000000000000000000000000000000000000000000000000130000000000000         00000000000000000000000ANDERSON LUIS V. SILVA                                                000143
10210851328000175719000487590                                 00245557            109002455577             I02250719005321-07 00245557            05081900000000330003410122204000000000000000000000000000000000000000000000000000000000000000000000000000000000000000000000000000000110000000000000         00000000000000000000000CAMILA DIAS S. MEDEIROS                                               000144
10210851328000175719000487590                                 00245558            109002455585             I02250719004650-07 00245558            05081900000000380003412897704000000000000000000000000000000000000000000000000000000000000000000000000000000000000000000000000000000130000000000000         00000000000000000000000CAMILLA JACINTO B. OLIVEIRA                                           000145
10210851328000175719000487590                                 00245559            109002455593             I02250719005306-07 00245559            05081900000000380003411282304000000000000000000000000000000000000000000000000000000000000000000000000000000000000000000000000000000130000000000000         00000000000000000000000EDILAINE GOMES DOS SANTOS                                             000146
10210851328000175719000487590                                 00245560            109002455601             I02250719003778-07 00245560            05081900000000380003412897704000000000000000000000000000000000000000000000000000000000000000000000000000000000000000000000000000000130000000000000         00000000000000000000000EDUARDO DOS SANTOS SILVA                                              000147
10210851328000175719000487590                                 00245561            109002455619             I02250719005307-07 00245561            05081900000000380003412897704000000000000000000000000000000000000000000000000000000000000000000000000000000000000000000000000000000130000000000000         00000000000000000000000FABRICIO RIBEIRO CAMPOS                                               000148
10210851328000175719000487590                                 00245562            109002455627             I02250719005318-07 00245562            05081900000000380003412897704000000000000000000000000000000000000000000000000000000000000000000000000000000000000000000000000000000130000000000000         00000000000000000000000FELIPE DE PAULA N. S. SILVA                                           000149
10210851328000175719000487590                                 00245563            109002455635             I02250719005308-07 00245563            05081900000000380003412897704000000000000000000000000000000000000000000000000000000000000000000000000000000000000000000000000000000130000000000000         00000000000000000000000GISELLE CARMO DE OLIVEIRA                                             000150
10210851328000175719000487590                                 00245564            109002455643             I02250719005309-07 00245564            05081900000000380003412897704000000000000000000000000000000000000000000000000000000000000000000000000000000000000000000000000000000130000000000000         00000000000000000000000HELEN ESTEVES DE SOUZA                                                000151
10210851328000175719000487590                                 00245565            109002455650             I02250719004092-07 00245565            05081900000000760003410229504000000000000000000000000000000000000000000000000000000000000000000000000000000000000000000000000000000250000000000000         00000000000000000000000ISRAEL CASSIANO S. DUARTE                                             000152
10210851328000175719000487590                                 00245566            109002455668             I02250719005310-07 00245566            05081900000000380003412897704000000000000000000000000000000000000000000000000000000000000000000000000000000000000000000000000000000130000000000000         00000000000000000000000JOCIMAR GOMES TEIXEIRA JR.                                            000153
10210851328000175719000487590                                 00245567            109002455676             I02250719005329-07 00245567            05081900000000380003410059604000000000000000000000000000000000000000000000000000000000000000000000000000000000000000000000000000000130000000000000         00000000000000000000000JORGE LUIZ V. SANTOS                                                  000154
10210851328000175719000487590                                 00245568            109002455684             I02250719004506-07 00245568            05081900000000300003412897704000000000000000000000000000000000000000000000000000000000000000000000000000000000000000000000000000000100000000000000         00000000000000000000000LILIAN SANTANA ALVES                                                  000155
10210851328000175719000487590                                 00245569            109002455692             I02250719004879-07 00245569            05081900000000380003410201404000000000000000000000000000000000000000000000000000000000000000000000000000000000000000000000000000000130000000000000         00000000000000000000000LUCAS FRANCISCO PEREIRA                                               000156
10210851328000175719000487590                                 00245570            109002455700             I02250719003840-07 00245570            05081900000000380003414562504000000000000000000000000000000000000000000000000000000000000000000000000000000000000000000000000000000130000000000000         00000000000000000000000LUIZ FILIPE N. DIAS                                                   000157
10210851328000175719000487590                                 00245571            109002455718             I02250719004859-07 00245571            05081900000000380003412897704000000000000000000000000000000000000000000000000000000000000000000000000000000000000000000000000000000130000000000000         00000000000000000000000MAURICIO VIEIRA TOSTES                                                000158
10210851328000175719000487590                                 00245572            109002455726             I02250719000020-07 00245572            05081900000000370003410059604000000000000000000000000000000000000000000000000000000000000000000000000000000000000000000000000000000120000000000000         00000000000000000000000PATRICIA CORREA CHAVES                                                000159
10210851328000175719000487590                                 00245573            109002455734             I02250719005311-07 00245573            05081900000000300003412897704000000000000000000000000000000000000000000000000000000000000000000000000000000000000000000000000000000100000000000000         00000000000000000000000RONAN COSTA ARAUJO                                                    000160
10210851328000175719000487590                                 00245574            109002455742             I02250719005312-07 00245574            05081900000000380003412897704000000000000000000000000000000000000000000000000000000000000000000000000000000000000000000000000000000130000000000000         00000000000000000000000SIDNEY JUNIOR F. MIRANDA                                              000161
10210851328000175719000487590                                 00245575            109002455759             I02250719005313-07 00245575            05081900000000380003410059604000000000000000000000000000000000000000000000000000000000000000000000000000000000000000000000000000000130000000000000         00000000000000000000000SLOAN PEREIRA DO NASCIMENTO                                           000162
10210851328000175719000487590                                 00245576            109002455767             I02250719004085-07 00245576            05081900000000380003410229504000000000000000000000000000000000000000000000000000000000000000000000000000000000000000000000000000000130000000000000         00000000000000000000000VICTOR BARROZO RAUL                                                   000163
10210851328000175719000487590                                 00245577            109002455775             I02250719004457-07 00245577            10081900000000380003412897704000000000000000000000000000000000000000000000000000000000000000000000000000000000000000000000000000000130000000000000         00000000000000000000000VIVIANE FELIX C. FERREIRA                                             000164
10210851328000175719000487590                                 00245578            109002455783             I02250719005314-07 00245578            10081900000000380003410059604000000000000000000000000000000000000000000000000000000000000000000000000000000000000000000000000000000130000000000000         00000000000000000000000WANDERSON MARINS S. ANTONIO                                           000165
10210851328000175719000487590                                 00245579            109002455791             I02250719005315-07 00245579            10081900000000380003411306004000000000000000000000000000000000000000000000000000000000000000000000000000000000000000000000000000000130000000000000         00000000000000000000000WELLINGTON GOUVEIA PINTO                                              000166
10210851328000175719000487590                                 00245580            109002455809             I02250719000001-12 00245580            05081900000000370003412897704000000000000000000000000000000000000000000000000000000000000000000000000000000000000000000000000000000120000000000000         00000000000000000000000ADRIANE DE SOUSA BATISTA                                              000167
10210851328000175719000487590                                 00245581            109002455817             I02250719004895-12 00245581            05081900000000330003410229504000000000000000000000000000000000000000000000000000000000000000000000000000000000000000000000000000000110000000000000         00000000000000000000000BRAULIO SILVA DOS SANTOS                                              000168
10210851328000175719000487590                                 00245582            109002455825             I02250719002468-12 00245582            05081900000000280003412897704000000000000000000000000000000000000000000000000000000000000000000000000000000000000000000000000000000090000000000000         00000000000000000000000FABIO HENRIQUE L. ROCHA                                               000169
10210851328000175719000487590                                 00245583            109002455833             I02250719004448-12 00245583            05081900000000330003412897704000000000000000000000000000000000000000000000000000000000000000000000000000000000000000000000000000000110000000000000         00000000000000000000000GUSTAVO MANCILIO NAGIPE                                               000170
10210851328000175719000487590                                 00245584            109002455841             I02250719004652-12 00245584            16081900000000340003410229504000000000000000000000000000000000000000000000000000000000000000000000000000000000000000000000000000000110000000000000         00000000000000000000000IZAQUE ARCANGELO GONCALVES                                            000171
10210851328000175719000487590                                 00245585            109002455858             I02250719001103-12 00245585            05081900000000370003411282304000000000000000000000000000000000000000000000000000000000000000000000000000000000000000000000000000000120000000000000         00000000000000000000000JOSEANY ALVES S. SOUZA                                                000172
10210851328000175719000487590                                 00245586            109002455866             I02250719003787-12 00245586            05081900000000300003412897704000000000000000000000000000000000000000000000000000000000000000000000000000000000000000000000000000000100000000000000         00000000000000000000000LILIANE ALVES V. P. SOUZA                                             000173
10210851328000175719000487590                                 00245587            109002455874             I02250719003050-12 00245587            05081900000000250003412897704000000000000000000000000000000000000000000000000000000000000000000000000000000000000000000000000000000080000000000000         00000000000000000000000MURILO MUNIZ GOMES                                                    000174
10210851328000175719000487590                                 00245588            109002455882             I02250719004607-12 00245588            05081900000000280003412897704000000000000000000000000000000000000000000000000000000000000000000000000000000000000000000000000000000090000000000000         00000000000000000000000RAFAEL SILVEIRA COSTA                                                 000175
10210851328000175719000487590                                 00245589            109002455890             I02250719005048-12 00245589            05081900000000370003411282304000000000000000000000000000000000000000000000000000000000000000000000000000000000000000000000000000000120000000000000         00000000000000000000000RAFAELA VIEIRA S. MOULIN                                              000176
10210851328000175719000487590                                 00245590            109002455908             I02250719001218-12 00245590            05081900000000350003412897704000000000000000000000000000000000000000000000000000000000000000000000000000000000000000000000000000000120000000000000         00000000000000000000000RAPHAEL DA CRUZ VANCE                                                 000177
10210851328000175719000487590                                 00245591            109002455916             I02250719005050-12 00245591            05081900000000370003411282304000000000000000000000000000000000000000000000000000000000000000000000000000000000000000000000000000000120000000000000         00000000000000000000000RAYANE SILVA DE MEDEIROS                                              000178
10210851328000175719000487590                                 00245592            109002455924             I02250719001634-12 00245592            05081900000000380003414562504000000000000000000000000000000000000000000000000000000000000000000000000000000000000000000000000000000130000000000000         00000000000000000000000VILMA GAMA S. SANTOS                                                  000179
10210851328000175719000487590                                 00245593            109002455932             I02250719005202-13 00245593            05081900000000400003410201404000000000000000000000000000000000000000000000000000000000000000000000000000000000000000000000000000000130000000000000         00000000000000000000000DEBORA LIMA SILVA                                                     000180
10210851328000175719000487590                                 00245594            109002455940             I02250719004104-13 00245594            05081900000000300003410059604000000000000000000000000000000000000000000000000000000000000000000000000000000000000000000000000000000100000000000000         00000000000000000000000GABRIELLE OLIVEIRA DA CUNHA                                           000181
10210851328000175719000487590                                 00245595            109002455957             I02250719004419-13 00245595            05081900000000250003412897704000000000000000000000000000000000000000000000000000000000000000000000000000000000000000000000000000000080000000000000         00000000000000000000000GISELE MOREIRA SILVA                                                  000182
10210851328000175719000487590                                 00245596            109002455965             I02250719004062-13 00245596            10081900000000380003412897704000000000000000000000000000000000000000000000000000000000000000000000000000000000000000000000000000000130000000000000         00000000000000000000000THIARA CRISTINA DE LIMA                                               000183
10210851328000175719000487590                                 00245423            109002454232             I06250719005234-08 00245423            10081900000000340003410201404000000000022800000000000000000000000000000000000000000000000000000000000000000000000003377200000000000000000000000000   26071900000000000000000000000JENNIFER PEREIRA DA SILVA                                           BL000184
10210851328000175719000487590                                 00245434            109002454349             I06250719005240-08 00245434            10081900000000340000333241704000000000022800000000000000000000000000000000000000000000000000000000000000000000000003377200000000000000000000000000   26071900000000000000000000000MAURO LUCAS N. LIMA                                                 B3000185
10210851328000175719000487590                                 00245448            109002454489             I06250719005080-11 00245448            05081900000000370000333451204000000000022800000000000000000000000000000000000000000000000000000000000000000000000003677200000000000000000000000000   26071900000000000000000000000ANDRESSA SIGOLO DA SILVA                                            B3000186
9201341          000000000000000000000000000000          000000000000000000000000000000                                                  000000000000000000000000000000          0000017900000006470400  26/07S000030000018500000006680400                                                                                                                                                                000187
