02RETORNO01COBRANCA       719000487590        CURSO ADONAI LTDA             341BANCO ITAU S.A.26071901600BPI00004290719                                                                                                                                                                                                                                                                                   000001
10210851328000175719000487590                                 00245416            109002454166             I06260719004266-08 00245416            05081900000000340002372802704000000000022800000000000000000000000000000000000000000000000000000000000000000000000003377200000000000000000000000000   29071900000000000000000000000BRUNO PAES DE SOUSA                                                 B3000002
10210851328000175719000487590                                 00245444            109002454448             I06260719005284-08 00245444            05081900000000340003410380604000000000022800000000000000000000000000000000000000000000000000000000000000000000000003377200000000000000000000000000   29071900000000000000000000000WALLACE GOMES C. PRISCO                                             BL000003
10210851328000175719000487590                                 00245504            109002455049             I06260719005285-08 00245504            05081900000000380000334285304000000000022800000000000000000000000000000000000000000000000000000000000000000000000003777200000000000000000000000000   29071900000000000000000000000BIANCA DA SILVA MAMEDE                                              B3000004
9201341          000000000000000000000000000000          000000000000000000000000000000                                                  000000000000000000000000000000          0000017600000006364400  29/07S000040000000300000000106000                                                                                                                                                                000005
