03300000        2010851328000175345100007570007                         CURSO ADONAI LTDA             BANCO SANTANDER                         120012016      000001040                                                                          
03300011R01  030 2010851328000175                    345100007570007     CURSO ADONAI LTDA                                                                                             0000000120012016                                         
0330001300001P 013451701300308790130030879  0000000152951511  004073-04      0502201600000000003950000000 17N20012016205022016000000000100000000000000000000000000000000000000000000000000000000000                         000300000           
0330001300002Q 011000000846614375ANDREA OLIVEIRA ALCANTARA               R. CONRADO DE SOUZA, 200/BL.1/702       FONSECA        24130110NITEROI        RJ0000000000000000                                        000000000000                   
0330001300003R 01000000000000000000000000                        200000000000000000000200          APOS 05/02/2016 COBRAR: JUROS DE MORA DEMENSALIDADE FEVEREIRO 2016: RS  395,00                                                               
0330001300004P 013451701300308790130030879  0000000152960511  004074-04      0502201600000000003500000000 17N20012016205022016000000000100000000000000000000000000000000000000000000000000000000000                         000300000           
0330001300005Q 011000012016487771CAMILLA CRUZ MONTEIRO                   PC. SUMATRA, 31/102                     PAVUNA         21520160RIO DE JANEIRO RJ0000000000000000                                        000000000000                   
0330001300006R 01000000000000000000000000                        200000000000000000000200          APOS 05/02/2016 COBRAR: JUROS DE MORA DEMENSALIDADE FEVEREIRO 2016: RS  350,00                                                               
0330001300007P 013451701300308790130030879  0000000152978511  004075-04      0502201600000000003950000000 17N20012016205022016000000000100000000000000000000000000000000000000000000000000000000000                         000300000           
0330001300008Q 011000010627544762CASSIA PINTO C. PROENCA                 RUA 4, CASA 94 - CONDOMINIO CASABLANCA  XV DE NOVEMBRO 28970000ARARUAMA       RJ0000000000000000                                        000000000000                   
0330001300009R 01000000000000000000000000                        200000000000000000000200          APOS 05/02/2016 COBRAR: JUROS DE MORA DEMENSALIDADE FEVEREIRO 2016: RS  395,00                                                               
0330001300010P 013451701300308790130030879  0000000152986511  004076-04      0502201600000000003950000000 17N20012016205022016000000000100000000000000000000000000000000000000000000000000000000000                         000300000           
0330001300011Q 011000013446986707ELLYS RAMALHO VANDERLEI                 R. COIMBRA, 17/302                      PENHA CIRCULAR 21011620RIO DE JANEIRO RJ0000000000000000                                        000000000000                   
0330001300012R 01000000000000000000000000                        200000000000000000000200          APOS 05/02/2016 COBRAR: JUROS DE MORA DEMENSALIDADE FEVEREIRO 2016: RS  395,00                                                               
0330001300013P 013451701300308790130030879  0000000152994511  004077-04      0502201600000000003950000000 17N20012016205022016000000000100000000000000000000000000000000000000000000000000000000000                         000300000           
0330001300014Q 011000009397915797FABIO CARLOS S. TORRES                  R. PARANA, 490                          CENTRO         26553020MESQUITA       RJ0000000000000000                                        000000000000                   
0330001300015R 01000000000000000000000000                        200000000000000000000200          APOS 05/02/2016 COBRAR: JUROS DE MORA DEMENSALIDADE FEVEREIRO 2016: RS  395,00                                                               
03300015         000017                                                                                                                                                                                                                         
03399999         000001000019                                                                                                                                                                                                                   
